@book{latex,
  title = {LaTeX : A Documentation Preparation System User's Guide and Reference Manual},
  publisher = {Addison-Wesley Professional},
  year = {1994},
  author = {Leslie Lamport}
}

@book{frautschi1986mechanical,
  title={The mechanical universe: Mechanics and heat},
  author={Frautschi, Steven C},
  year={1986},
  publisher={Cambridge University Press}
}

@article{jones1924determination,
  title={On the determination of molecular fields.â€”II. From the equation of state of a gas},
  author={Jones, John Edward},
  journal={Proceedings of the Royal Society of London. Series A, Containing Papers of a Mathematical and Physical Character},
  volume={106},
  number={738},
  pages={463--477},
  year={1924},
  publisher={The Royal Society London}
}

@article{wang2020lennard,
  title={The Lennard-Jones potential: when (not) to use it},
  author={Wang, Xipeng and Ram{\'\i}rez-Hinestrosa, Sim{\'o}n and Dobnikar, Jure and Frenkel, Daan},
  journal={Physical Chemistry Chemical Physics},
  volume={22},
  number={19},
  pages={10624--10633},
  year={2020},
  publisher={Royal Society of Chemistry}
}

@inproceedings{inproceedings,
author = {Eder, Stefan and Vorlaufer, Georg and Ilincic, Sladjan and Betz, Gerhard},
year = {2007},
month = {10},
pages = {},
title = {Simulation of Wear Processes Using Molecular Dynamics (MD) Simulations},
doi = {10.13140/2.1.4149.5680}
}

@article{aktulga2012parallel,
  title={Parallel reactive molecular dynamics: Numerical methods and algorithmic techniques},
  author={Aktulga, Hasan Metin and Fogarty, Joseph C and Pandit, Sagar A and Grama, Ananth Y},
  journal={parallel computing},
  volume={38},
  number={4-5},
  pages={245--259},
  year={2012},
  publisher={Elsevier}
}

@book{kukol2008molecular,
  title={Molecular modeling of proteins},
  author={Kukol, Andreas and others},
  volume={443},
  year={2008},
  pages={3--4},
  publisher={Springer}
}

@article{gratl2022n,
  title={N ways to simulate short-range particle systems: Automated algorithm selection with the node-level library AutoPas},
  author={Gratl, Fabio Alexander and Seckler, Steffen and Bungartz, Hans-Joachim and Neumann, Philipp},
  journal={Computer Physics Communications},
  volume={273},
  pages={108262},
  year={2022},
  publisher={Elsevier}
}

@inproceedings{gratl2019autopas,
  title={Autopas: Auto-tuning for particle simulations},
  author={Gratl, Fabio Alexander and Seckler, Steffen and Tchipev, Nikola and Bungartz, Hans-Joachim and Neumann, Philipp},
  booktitle={2019 IEEE International Parallel and Distributed Processing Symposium Workshops (IPDPSW)},
  pages={748--757},
  year={2019},
  organization={IEEE}
}

@misc{knapek2007numerical,
  title={Numerical Simulation in Molecular Dynamics, Numerics, Algorithms, Parallelization, Applications},
  author={Knapek, M Griebel S and Zumbusch, G},
  year={2007},
  publisher={Springer-Verlag Berlin Heidelberg}
}

@article{yao2004improved,
  title={Improved neighbor list algorithm in molecular simulations using cell decomposition and data sorting method},
  author={Yao, Zhenhua and Wang, Jian-Sheng and Liu, Gui-Rong and Cheng, Min},
  journal={Computer physics communications},
  volume={161},
  number={1-2},
  pages={27--35},
  year={2004},
  publisher={Elsevier}
}

@misc{AutoPasDocs,
  author       = {AutoPas Developers},
  title        = {AutoPas Documentation},
  year         = {2024},
  note = {\url{https://autopas.github.io/doxygen_documentation/git-master/}},
}

@article{newcome2023towards,
  title={Towards auto-tuning Multi-Site Molecular Dynamics simulations with AutoPas},
  author={Newcome, Samuel James and Gratl, Fabio Alexander and Neumann, Philipp and Bungartz, Hans-Joachim},
  journal={Journal of Computational and Applied Mathematics},
  volume={433},
  pages={115278},
  year={2023},
  publisher={Elsevier}
}

@article{seckler2021autopas,
  title={AutoPas in ls1 mardyn: Massively parallel particle simulations with node-level auto-tuning},
  author={Seckler, Steffen and Gratl, Fabio and Heinen, Matthias and Vrabec, Jadran and Bungartz, Hans-Joachim and Neumann, Philipp},
  journal={Journal of Computational Science},
  volume={50},
  pages={101296},
  year={2021},
  publisher={Elsevier}
}

@mastersthesis{Maximilian_Praus_Thesis-1.pdf,
	author = {Praus, Maximilian},
	title = {Energy-Efficient Molecular Dynamics Simulations: Implementing Hardware-Agnostic Energy Measurement and Evaluating Runtime-Energy Tradeoffs},
	year = {2024},
  school = {Technical University of Munich},
  month = {Oct},
  language = {en},
  keywords = {AutoPas, HPC, Energy, PMT, Molecular Dynamics},
}

@online{coolmuc4,
  title        = {CoolMUC-4 Documentation},
  organization = {Leibniz Supercomputing Centre (LRZ)},
  year         = 2024,
  url          = {https://doku.lrz.de/coolmuc-4-1082337877.html},
}

@online{coolmuc2,
  title        = {CoolMUC-2 Documentation},
  organization = {Leibniz Supercomputing Centre (LRZ)},
  year         = 2024,
  url          = {https://doku.lrz.de/coolmuc-2-11484376.html},
}
